@misc { tscv,
  author = {Hyndman, Rob J},
  title = "Why every statistician should know about cross-validation",
  year = {2010},
  urldate = {2010-10-04},
  howpublished = "\url{http://robjhyndman.com/hyndsight/crossvalidation/}",
  note = "[Online; accessed 11-September-2016]"

}
